<?xml version="1.0" encoding="UTF-8"?><collection xmlns="http://www.loc.gov/MARC21/slim"><record><leader>00574nam--2200205-u-4500</leader><controlfield tag="001">000051140</controlfield><controlfield tag="002">20161230</controlfield><controlfield tag="005">20161230201049</controlfield><controlfield tag="008">080522s1000------------r-----000-0-eng-d</controlfield><datafield ind1=" " ind2=" " tag="020"><subfield code="a">0521782856</subfield></datafield><datafield ind1=" " ind2=" " tag="040"><subfield code="a">IFIN-HH</subfield></datafield><datafield ind1=" " ind2=" " tag="080"><subfield code="a">539:538.913</subfield></datafield><datafield ind1="1" ind2=" " tag="100"><subfield code="a">Martin, Richard M</subfield></datafield><datafield ind1="1" ind2="0" tag="245"><subfield code="a">Electronic Structure</subfield><subfield code="b">Basic Theory and Practical Methods</subfield><subfield code="c">Richard M. Martin</subfield></datafield><datafield ind1=" " ind2=" " tag="260"><subfield code="a">Cambridge</subfield><subfield code="b">Cambridge University Press</subfield><subfield code="c">2004</subfield></datafield><datafield ind1=" " ind2=" " tag="300"><subfield code="a">624 p</subfield></datafield><datafield ind1=" " ind2="4" tag="650"><subfield code="a">Electronic Structure</subfield></datafield><datafield ind1="1" ind2=" " tag="700"><subfield code="a">Richard M. Martin</subfield></datafield><datafield ind1=" " ind2=" " tag="852"><subfield code="a">82008</subfield><subfield code="c">530.1</subfield></datafield><datafield ind1=" " ind2=" " tag="CAT"><subfield code="a">Sys</subfield><subfield code="c">20110324</subfield><subfield code="h">112831</subfield></datafield></record></collection>